% Encoding: ISO-8859-1

@book{ScatteredDataApproximation,
  title={Scattered Data Approximation},
  author={Holger Wendland},
  year={2004},
  publisher={Cambridge Monographs on APplied and Computational Mathematics. Cambridge University Press},
  doi={10.1017/CBO9780511617539}
}

@unpublished{ShalevBen,
title={Understanding Machine Learning: From Theory to Algorithms},
author={Shai Shalev-Shwartz and Shai Ben David},
note={\url{http://www.cs.huji.ac.il/~shais/UnderstandingMachineLearning}},
}

@article{PCAreview,
  title={Principal component analysis: a review and recent developments},
  author={Ian T. Jolliffe and Jorge Cadima},
  journal={Philosophical Transactions A},
  volume={374},
  year={2016},
  publisher={The Royal Society Publishing}
}

@article{GeogPaper,
  title={Dietary specializations and diversity in feeding ecology of the earliest stem mammals},
  author={Gill PG, Purnell MA, Crumpton N, Brown KR, Gostling NJ, Stampanoni M, Rayfield EJ.},
  journal={Nature},
  volume={512},
  pages={303--305},
  year={2014},
  publisher={Macmillan Publishers}
}

@unpublished{wiki,
title={sklearn.ensemble.{A}da{B}oost{R}egressor},
note={\url{https://scikit-learn.org/stable/modules/generated/sklearn.ensemble.AdaBoostRegressor.html}},
}

@unpublished{scikit,
title={AdaBoost -- {W}ikipedia},
note={\url{https://en.wikipedia.org/wiki/AdaBoost}},
}

@unpublished{mult_weights,
title={The Reasonable Effectiveness of the Multiplicative Weights Update Algorithm},
\author={Jeremy Kun},
note={\url{https://jeremykun.com/2017/02/27/the-reasonable-effectiveness-of-the-multiplicative-weights-update-algorithm/}},
}


@inproceedings{saberian2011multiclass,
  title={Multiclass boosting: Theory and algorithms},
  author={Saberian, Mohammad J and Vasconcelos, Nuno},
  booktitle={Advances in Neural Information Processing Systems},
  pages={2124--2132},
  year={2011}
}

@book{bishop2006pattern,
  title={Pattern recognition and machine learning},
  author={Bishop, Christopher M},
  year={2006},
  publisher={springer}
}

@Comment{jabref-meta: databaseType:bibtex;}
